@misc	{
	bworld,
	author			= {Ingo LÃ¼tkebohle},
	title			= {{BWorld Robot Control Software}},
	howpublished	= "\url{http://aiweb.techfak.uni-bielefeld.de/content/bworld-robot-control-software/}",
	year 			= {2008}, 
	note 			= "[Online; accessed 19-July-2008]"
}

@book	{
	goossens93,
	author		= "Michel Goossens and Frank Mittelbach and Alexander Samarin",
	title		= "The LaTeX Companion",
	year		= "1993",
	publisher	= "Addison-Wesley",
	address		= "Reading, Massachusetts"
}